@book{梁灿彬2006微分几何入门与广义相对论,
  title={微分几何入门与广义相对论},
  author={梁灿彬 and 周彬},
  year={2006},
  publisher={科学出版社}
}

@book{陈斌2018广义相对论,
  title={广义相对论},
  author={陈斌},
  year={2018},
  publisher={北京大学出版社}
}

@article{wald1974gedanken,
  title={Gedanken experiments to destroy a black hole},
  author={Wald, Robert},
  journal={Annals of Physics},
  volume={82},
  number={2},
  pages={548--556},
  year={1974},
  publisher={Elsevier}
}

@article{curry1991vacuum,
  title={Vacuum solutions of Einstein's equations in double-null coordinates},
  author={Curry, Ch and Lake, K},
  journal={Classical and Quantum Gravity},
  volume={8},
  number={1},
  pages={237},
  year={1991},
  publisher={IOP Publishing}
}

@article{cai1999topological,
  title={Topological black holes in the dimensionally continued gravity},
  author={Cai, Rong-Gen and Soh, Kwang-Sup},
  journal={Physical Review D},
  volume={59},
  number={4},
  pages={044013},
  year={1999},
  publisher={APS}
}

@article{schwarzschild1916gravitationsfeld,
  title={{\"U}ber das Gravitationsfeld einer Kugel aus inkompressibler Fl{\"u}ssigkeit nach der Einsteinschen Theorie},
  author={Schwarzschild, Karl},
  journal={Sitzungsberichte der k{\"o}niglich preu{\ss}ischen Akademie der Wissenschaften zu Berlin},
  pages={424--434},
  year={1916}
}

@article{michell1784vii,
  title={Vii. on the means of discovering the distance, magnitude, \&c. of the fixed stars, in consequence of the diminution of the velocity of their light, in case such a diminution should be found to take place in any of them, and such other data should be procured from observations, as would be farther necessary for that purpose. by the rev. john michell, bdfrs in a letter to henry cavendish, esq. frs and as},
  author={Michell, John},
  journal={Philosophical transactions of the Royal Society of London},
  number={74},
  pages={35--57},
  year={1784},
  publisher={The Royal Society London}
}

@article{montgomery2009michell,
  title={Michell, Laplace and the origin of the black hole concept},
  author={Montgomery, Colin and Orchiston, Wayne and Whittingham, Ian},
  journal={Journal of Astronomical History and Heritage},
  volume={12},
  pages={90--96},
  year={2009},
  publisher={Centre for Astronomy, James Cook University}
}

@book{birkhoff1923relativity,
  title={Relativity and modern physics},
  author={Birkhoff, George David and Langer, Rudolph Ernest},
  year={1923},
  publisher={Harvard University Press}
}

@article{carter1968global,
  title={Global structure of the Kerr family of gravitational fields},
  author={Carter, Brandon},
  journal={Physical Review},
  volume={174},
  number={5},
  pages={1559},
  year={1968},
  publisher={APS}
}

@article{mann1997black,
  title={Black holes of negative mass},
  author={Mann, Robert},
  journal={Classical and Quantum Gravity},
  volume={14},
  number={10},
  pages={2927},
  year={1997},
  publisher={IOP Publishing}
}

@article{smith1997formation,
  title={Formation of topological black holes from gravitational collapse},
  author={Smith, WL and Mann, Robert B},
  journal={Physical Review D},
  volume={56},
  number={8},
  pages={4942},
  year={1997},
  publisher={APS}
}

@article{friedman1993topological,
  title={Topological censorship},
  author={Friedman, John L and Schleich, Kristin and Witt, Donald M},
  journal={Physical Review Letters},
  volume={71},
  number={10},
  pages={1486},
  year={1993},
  publisher={APS}
}

@article{cai2004thermodynamics,
  title={Thermodynamics and stability of hyperbolic charged black holes},
  author={Cai, Rong-Gen and Wang, Anzhong},
  journal={Physical Review D},
  volume={70},
  number={6},
  pages={064013},
  year={2004},
  publisher={APS}
}

@article{banados1992black,
  title={Black hole in three-dimensional spacetime},
  author={Banados, Maximo and Teitelboim, Claudio and Zanelli, Jorge},
  journal={Physical Review Letters},
  volume={69},
  number={13},
  pages={1849},
  year={1992},
  publisher={APS}
}

@techreport{witten2001quantum,
  title={Quantum gravity in de Sitter space},
  author={Witten, Edward},
  year={2001}
}

@article{maldacena1999large,
  title={The large-N limit of superconformal field theories and supergravity},
  author={Maldacena, Juan},
  journal={International journal of theoretical physics},
  volume={38},
  number={4},
  pages={1113--1133},
  year={1999},
  publisher={Springer}
}

@article{aharony2000large,
  title={Large N field theories, string theory and gravity},
  author={Aharony, Ofer and Gubser, Steven S and Maldacena, Juan and Ooguri, Hirosi and Oz, Yaron},
  journal={Physics Reports},
  volume={323},
  number={3-4},
  pages={183--386},
  year={2000},
  publisher={Elsevier}
}

@article{lovelock1971einstein,
  title={The Einstein tensor and its generalizations},
  author={Lovelock, David},
  journal={Journal of Mathematical Physics},
  volume={12},
  number={3},
  pages={498--501},
  year={1971},
  publisher={American Institute of Physics}
}

@article{lovelock1972four,
  title={The four-dimensionality of space and the Einstein tensor},
  author={Lovelock, David},
  journal={Journal of Mathematical Physics},
  volume={13},
  number={6},
  pages={874--876},
  year={1972},
  publisher={American Institute of Physics}
}

@article{lanczos1938remarkable,
  title={A remarkable property of the Riemann-Christoffel tensor in four dimensions},
  author={Lanczos, Cornelius},
  journal={Annals of Mathematics},
  pages={842--850},
  year={1938},
  publisher={JSTOR}
}

@article{glavan2020einstein,
  title={Einstein-Gauss-Bonnet gravity in four-dimensional spacetime},
  author={Glavan, Dra{\v{z}}en and Lin, Chunshan},
  journal={Physical review letters},
  volume={124},
  number={8},
  pages={081301},
  year={2020},
  publisher={APS}
}

@article{gurses2020comment,
  title={Comment on “Einstein-Gauss-Bonnet Gravity in Four-Dimensional Spacetime”},
  author={G{\"u}rses, Metin and {\c{S}}i{\c{s}}man, Tahsin {\c{C}}a{\u{g}}r{\i} and Tekin, Bayram},
  journal={Physical Review Letters},
  volume={125},
  number={14},
  pages={149001},
  year={2020},
  publisher={APS}
}

@article{fernandes2020charged,
  title={Charged black holes in AdS spaces in 4D Einstein Gauss-Bonnet gravity},
  author={Fernandes, Pedro GS},
  journal={Physics Letters B},
  volume={805},
  pages={135468},
  year={2020},
  publisher={Elsevier}
}

@article{akiyama2021first,
  title={First M87 Event Horizon Telescope Results. VII. Polarization of the Ring},
  author={Akiyama, Kazunori and Algaba, Juan Carlos and Alberdi, Antxon and Alef, Walter and Anantua, Richard and Asada, Keiichi and Azulay, Rebecca and Baczko, Anne-Kathrin and Ball, David and Balokovi{\'c}, Mislav and others},
  journal={The Astrophysical Journal Letters},
  volume={910},
  number={1},
  pages={L12},
  year={2021},
  publisher={IOP Publishing}
}

@article{penrose1999question,
  title={The question of cosmic censorship},
  author={Penrose, Roger},
  journal={Journal of Astrophysics and Astronomy},
  volume={20},
  number={3-4},
  pages={233--248},
  year={1999},
  publisher={Springer}
}

@article{ong2020space,
  title={Space--time singularities and cosmic censorship conjecture: A Review with some thoughts},
  author={Ong, Yen Chin},
  journal={International Journal of Modern Physics A},
  volume={35},
  number={14},
  pages={2030007},
  year={2020},
  publisher={World Scientific}
}

@article{choptuik1993universality,
  title={Universality and scaling in gravitational collapse of a massless scalar field},
  author={Choptuik, Matthew W},
  journal={Physical Review Letters},
  volume={70},
  number={1},
  pages={9},
  year={1993},
  publisher={APS}
}

@article{hubeny1999overcharging,
  title={Overcharging a black hole and cosmic censorship},
  author={Hubeny, Veronika E},
  journal={Physical Review D},
  volume={59},
  number={6},
  pages={064013},
  year={1999},
  publisher={APS}
}

@article{hod2002cosmic,
  title={Cosmic censorship, area theorem, and self-energy of particles},
  author={Hod, Shahar},
  journal={Physical Review D},
  volume={66},
  number={2},
  pages={024016},
  year={2002},
  publisher={APS}
}

@article{barausse2010test,
  title={Test bodies and naked singularities: is the self-force the cosmic censor?},
  author={Barausse, Enrico and Cardoso, Vitor and Khanna, Gaurav},
  journal={Physical review letters},
  volume={105},
  number={26},
  pages={261102},
  year={2010},
  publisher={APS}
}

@article{colleoni2015overspinning,
  title={Overspinning a Kerr black hole: The effect of the self-force},
  author={Colleoni, Marta and Barack, Leor},
  journal={Physical Review D},
  volume={91},
  number={10},
  pages={104024},
  year={2015},
  publisher={APS}
}

@article{wald2018kerr,
  title={Kerr--Newman black holes cannot be over-charged or over-spun},
  author={Wald, Robert M},
  journal={International Journal of Modern Physics D},
  volume={27},
  number={11},
  pages={1843003},
  year={2018},
  publisher={World Scientific}
}

@article{sorce2017gedanken,
  title={Gedanken experiments to destroy a black hole. II. Kerr-Newman black holes cannot be overcharged or overspun},
  author={Sorce, Jonathan and Wald, Robert M},
  journal={Physical Review D},
  volume={96},
  number={10},
  pages={104014},
  year={2017},
  publisher={APS}
}

@article{horowitz2015hovering,
  title={Hovering black holes from charged defects},
  author={Horowitz, Gary T and Iqbal, Nabil and Santos, Jorge E and Way, Benson},
  journal={Classical and Quantum Gravity},
  volume={32},
  number={10},
  pages={105001},
  year={2015},
  publisher={IOP Publishing}
}

@article{crisford2017violating,
  title={Violating the weak cosmic censorship conjecture in four-dimensional Anti--de Sitter space},
  author={Crisford, Toby and Santos, Jorge E},
  journal={Physical review letters},
  volume={118},
  number={18},
  pages={181101},
  year={2017},
  publisher={APS}
}